<?xml version="1.0" encoding="UTF-8"?><collection xmlns="http://www.loc.gov/MARC21/slim"><record><leader>00461nam--2200181-u-4500</leader><controlfield tag="001">000053407</controlfield><controlfield tag="002">20161230</controlfield><controlfield tag="005">20161230201051</controlfield><controlfield tag="008">110329s1000------------r-----000-0-eng-d</controlfield><datafield ind1=" " ind2=" " tag="020"><subfield code="a">9812380191</subfield></datafield><datafield ind1=" " ind2=" " tag="040"><subfield code="a">IFIN-HH</subfield></datafield><datafield ind1=" " ind2=" " tag="080"><subfield code="a">530.145:539.16</subfield></datafield><datafield ind1="1" ind2=" " tag="100"><subfield code="a">Razavy, Mohsen</subfield></datafield><datafield ind1="1" ind2="0" tag="245"><subfield code="a">Quantum theory of tunneling</subfield><subfield code="c">Moshen razavy</subfield></datafield><datafield ind1=" " ind2=" " tag="260"><subfield code="a">New Jersey</subfield><subfield code="b">World Scientific</subfield><subfield code="c">2003</subfield></datafield><datafield ind1=" " ind2=" " tag="300"><subfield code="a">549P</subfield></datafield><datafield ind1=" " ind2=" " tag="852"><subfield code="a">82207</subfield><subfield code="c">530.14</subfield></datafield><datafield ind1=" " ind2=" " tag="CAT"><subfield code="a">Sys</subfield><subfield code="c">20110329</subfield><subfield code="h">144406</subfield></datafield></record></collection>